%YAML 1.1
%TAG !u! tag:unity3d.com,2011:
--- !u!1 &5974350496860872358
GameObject:
  m_ObjectHideFlags: 0
  m_CorrespondingSourceObject: {fileID: 0}
  m_PrefabInstance: {fileID: 0}
  m_PrefabAsset: {fileID: 0}
  serializedVersion: 6
  m_Component:
  - component: {fileID: 5974350496861094534}
  - component: {fileID: 5974350496868298086}
  - component: {fileID: 949042112471985687}
  m_Layer: 0
  m_Name: Gargoyle
  m_TagString: Untagged
  m_Icon: {fileID: 0}
  m_NavMeshLayer: 0
  m_StaticEditorFlags: 0
  m_IsActive: 1
--- !u!4 &5974350496861094534
Transform:
  m_ObjectHideFlags: 0
  m_CorrespondingSourceObject: {fileID: 0}
  m_PrefabInstance: {fileID: 0}
  m_PrefabAsset: {fileID: 0}
  m_GameObject: {fileID: 5974350496860872358}
  m_LocalRotation: {x: 0, y: 0, z: 0, w: 1}
  m_LocalPosition: {x: 14.77951, y: -0.79999924, z: 1.6094102}
  m_LocalScale: {x: 1, y: 1, z: 1}
  m_Children:
  - {fileID: 5974350496861094658}
  - {fileID: 4829628190069006726}
  m_Father: {fileID: 0}
  m_RootOrder: 0
  m_LocalEulerAnglesHint: {x: 0, y: 0, z: 0}
--- !u!95 &5974350496868298086
Animator:
  serializedVersion: 3
  m_ObjectHideFlags: 0
  m_CorrespondingSourceObject: {fileID: 0}
  m_PrefabInstance: {fileID: 0}
  m_PrefabAsset: {fileID: 0}
  m_GameObject: {fileID: 5974350496860872358}
  m_Enabled: 1
  m_Avatar: {fileID: 9000000, guid: d3312d02a690eda48bd6807bf5c78084, type: 3}
  m_Controller: {fileID: 9100000, guid: 3e505af1f299295429224c66fc7c70a3, type: 2}
  m_CullingMode: 1
  m_UpdateMode: 0
  m_ApplyRootMotion: 1
  m_LinearVelocityBlending: 0
  m_WarningMessage: 
  m_HasTransformHierarchy: 0
  m_AllowConstantClipSamplingOptimization: 1
  m_KeepAnimatorControllerStateOnDisable: 0
--- !u!136 &949042112471985687
CapsuleCollider:
  m_ObjectHideFlags: 0
  m_CorrespondingSourceObject: {fileID: 0}
  m_PrefabInstance: {fileID: 0}
  m_PrefabAsset: {fileID: 0}
  m_GameObject: {fileID: 5974350496860872358}
  m_Material: {fileID: 0}
  m_IsTrigger: 0
  m_Enabled: 1
  m_Radius: 0.3
  m_Height: 1.8
  m_Direction: 1
  m_Center: {x: 0, y: 0.9, z: 0}
--- !u!1 &5974350496860872482
GameObject:
  m_ObjectHideFlags: 0
  m_CorrespondingSourceObject: {fileID: 0}
  m_PrefabInstance: {fileID: 0}
  m_PrefabAsset: {fileID: 0}
  serializedVersion: 6
  m_Component:
  - component: {fileID: 5974350496861094658}
  - component: {fileID: 5974350496872436642}
  m_Layer: 0
  m_Name: GargoyleModel
  m_TagString: Untagged
  m_Icon: {fileID: 0}
  m_NavMeshLayer: 0
  m_StaticEditorFlags: 0
  m_IsActive: 1
--- !u!4 &5974350496861094658
Transform:
  m_ObjectHideFlags: 0
  m_CorrespondingSourceObject: {fileID: 0}
  m_PrefabInstance: {fileID: 0}
  m_PrefabAsset: {fileID: 0}
  m_GameObject: {fileID: 5974350496860872482}
  m_LocalRotation: {x: -0, y: -0, z: -0, w: 1}
  m_LocalPosition: {x: 0, y: 0, z: 0}
  m_LocalScale: {x: 1, y: 1, z: 1}
  m_Children: []
  m_Father: {fileID: 5974350496861094534}
  m_RootOrder: 0
  m_LocalEulerAnglesHint: {x: 0, y: 0, z: 0}
--- !u!137 &5974350496872436642
SkinnedMeshRenderer:
  m_ObjectHideFlags: 0
  m_CorrespondingSourceObject: {fileID: 0}
  m_PrefabInstance: {fileID: 0}
  m_PrefabAsset: {fileID: 0}
  m_GameObject: {fileID: 5974350496860872482}
  m_Enabled: 1
  m_CastShadows: 1
  m_ReceiveShadows: 1
  m_DynamicOccludee: 1
  m_MotionVectors: 1
  m_LightProbeUsage: 1
  m_ReflectionProbeUsage: 1
  m_RayTracingMode: 3
  m_RayTraceProcedural: 0
  m_RenderingLayerMask: 1
  m_RendererPriority: 0
  m_Materials:
  - {fileID: 2100000, guid: 98a5d7f03b88cef44932b3206c7bd8db, type: 2}
  - {fileID: 2100000, guid: 380abfdf82677234e922db7133b0e63c, type: 2}
  m_StaticBatchInfo:
    firstSubMesh: 0
    subMeshCount: 0
  m_StaticBatchRoot: {fileID: 0}
  m_ProbeAnchor: {fileID: 0}
  m_LightProbeVolumeOverride: {fileID: 0}
  m_ScaleInLightmap: 1
  m_ReceiveGI: 1
  m_PreserveUVs: 0
  m_IgnoreNormalsForChartDetection: 0
  m_ImportantGI: 0
  m_StitchLightmapSeams: 1
  m_SelectedEditorRenderState: 3
  m_MinimumChartSize: 4
  m_AutoUVMaxDistance: 0.5
  m_AutoUVMaxAngle: 89
  m_LightmapParameters: {fileID: 0}
  m_SortingLayerID: 0
  m_SortingLayer: 0
  m_SortingOrder: 0
  serializedVersion: 2
  m_Quality: 0
  m_UpdateWhenOffscreen: 0
  m_SkinnedMotionVectors: 1
  m_Mesh: {fileID: 4300008, guid: d3312d02a690eda48bd6807bf5c78084, type: 3}
  m_Bones: []
  m_BlendShapeWeights: []
  m_RootBone: {fileID: 0}
  m_AABB:
    m_Center: {x: 0.47926563, y: 0.99965894, z: 0.50778025}
    m_Extent: {x: 1.3090248, y: 0.9985337, z: 1.1511977}
  m_DirtyAABB: 0
--- !u!1001 &4013289174135448760
PrefabInstance:
  m_ObjectHideFlags: 0
  serializedVersion: 2
  m_Modification:
    m_TransformParent: {fileID: 5974350496861094534}
    m_Modifications:
    - target: {fileID: 4462235331866503792, guid: 8c1f559e0e719ee4d8daa3c7b8765fdc,
        type: 3}
      propertyPath: m_Name
      value: PointOfView
      objectReference: {fileID: 0}
    - target: {fileID: 8409443700501185854, guid: 8c1f559e0e719ee4d8daa3c7b8765fdc,
        type: 3}
      propertyPath: m_LocalPosition.x
      value: 0
      objectReference: {fileID: 0}
    - target: {fileID: 8409443700501185854, guid: 8c1f559e0e719ee4d8daa3c7b8765fdc,
        type: 3}
      propertyPath: m_LocalPosition.y
      value: 1.4
      objectReference: {fileID: 0}
    - target: {fileID: 8409443700501185854, guid: 8c1f559e0e719ee4d8daa3c7b8765fdc,
        type: 3}
      propertyPath: m_LocalPosition.z
      value: 0.95
      objectReference: {fileID: 0}
    - target: {fileID: 8409443700501185854, guid: 8c1f559e0e719ee4d8daa3c7b8765fdc,
        type: 3}
      propertyPath: m_LocalRotation.x
      value: 0.17364816
      objectReference: {fileID: 0}
    - target: {fileID: 8409443700501185854, guid: 8c1f559e0e719ee4d8daa3c7b8765fdc,
        type: 3}
      propertyPath: m_LocalRotation.y
      value: 0
      objectReference: {fileID: 0}
    - target: {fileID: 8409443700501185854, guid: 8c1f559e0e719ee4d8daa3c7b8765fdc,
        type: 3}
      propertyPath: m_LocalRotation.z
      value: 0
      objectReference: {fileID: 0}
    - target: {fileID: 8409443700501185854, guid: 8c1f559e0e719ee4d8daa3c7b8765fdc,
        type: 3}
      propertyPath: m_LocalRotation.w
      value: 0.9848078
      objectReference: {fileID: 0}
    - target: {fileID: 8409443700501185854, guid: 8c1f559e0e719ee4d8daa3c7b8765fdc,
        type: 3}
      propertyPath: m_RootOrder
      value: 1
      objectReference: {fileID: 0}
    - target: {fileID: 8409443700501185854, guid: 8c1f559e0e719ee4d8daa3c7b8765fdc,
        type: 3}
      propertyPath: m_LocalEulerAnglesHint.x
      value: 20
      objectReference: {fileID: 0}
    - target: {fileID: 8409443700501185854, guid: 8c1f559e0e719ee4d8daa3c7b8765fdc,
        type: 3}
      propertyPath: m_LocalEulerAnglesHint.y
      value: 0
      objectReference: {fileID: 0}
    - target: {fileID: 8409443700501185854, guid: 8c1f559e0e719ee4d8daa3c7b8765fdc,
        type: 3}
      propertyPath: m_LocalEulerAnglesHint.z
      value: 0
      objectReference: {fileID: 0}
    m_RemovedComponents: []
  m_SourcePrefab: {fileID: 100100000, guid: 8c1f559e0e719ee4d8daa3c7b8765fdc, type: 3}
--- !u!4 &4829628190069006726 stripped
Transform:
  m_CorrespondingSourceObject: {fileID: 8409443700501185854, guid: 8c1f559e0e719ee4d8daa3c7b8765fdc,
    type: 3}
  m_PrefabInstance: {fileID: 4013289174135448760}
  m_PrefabAsset: {fileID: 0}
